@inproceedings{adaquant,
  title={Accurate Post Training Quantization With Small Calibration Sets},
  author={Itay Hubara, Yury Nahshan, Yair Hanani, Ron Banner, Daniel Soudry},
  booktitle={ Proceedings of the 38th International Conference on Machine Learning},
  year={2021},
  organization={PMLR}
}

@inproceedings{BreQ,
  title={BRECQ: PUSHING THE LIMIT OF POST-TRAINING
QUANTIZATION BY BLOCK RECONSTRUCTION},
  author={Yuhang Li, Ruihao Gong, Xu Tan, Yang Yang, Peng Hu, Qi Zhang, Fengwei Yu, Wei Wang, Shi Gu},
  booktitle={},
  year={2021},
  organization={University of Electronic Science and Technology of China, SenseTime Research}
}

@article{multiple_points,
  title={Post-training Quantization with Multiple Points:
Mixed Precision without Mixed Precision},
  author={Xinghcao Liu, Mao Ye1, Dengyong Zhou, Qiang Liu},
  organization={The University of Texas at Austin, Google Barin},
  year={2021}
}
@article{loss-aware-quantization,
title={Loss Aware Post-training Quantization},
author={Yury Nahshan, Brian Chmiel, Chaim Baskin, Evgenii
Zheltonozhskii, Ron Banner, Alex M. Bronstein, Avi Mendelson},
year={2020}
}
